ISA*00*          *00*          *12*1111111111     *12*2222222222     *050601*0136*U*00400*017000934*0*P*:
GS*RA*1111111111*2222222222*20050601*0136*17000934*X*004030
ST*820*017001511
BPR*H*561.72*C*NON************20050531
NTE*PMT*541.20
NTE*ZZZ*0.00
CUR*ZD*CAD
REF*GT*865500938
REF*ZZ*1090134601
REF*1J*005002
REF*BM*000194182
DTM*050*20050531
N1*PE*QQQQQQQQQQQQQQQQQQQ.
N3*222222222222
N4*QQQQQQQ*QQ*QQQQQQ
REF*PQ*036400
REF*IA*036400
REF*GT*103240701
REF*ZZ*1002612772
ENT*146
REF*ZZ*ON
RMR*PO*00583236*ER*541.2
REF*DP*07
SE*22*017001511
ST*820*017001512
BPR*H*236.33*C*NON************20050531
NTE*PMT*227.70
NTE*ZZZ*0.00
CUR*ZD*CAD
REF*GT*865500938
REF*ZZ*1090134601
REF*1J*005401
REF*BM*000195183
DTM*050*20050531
N1*PE*QUADRA FASHIONS LTD.
N3*2005 23E AVE
N4*LACHINE*PQ*H8T1X1
REF*PQ*036400
REF*IA*036400
REF*GT*103240701
REF*ZZ*1002612772
ENT*147
REF*ZZ*SK
RMR*PO*00583247*ER*227.7
REF*DP*07
SE*22*017001512
GE*2*17000934
IEA*1*017000934
