ISA*00*          *00*          *12*5198375355     *ZZ*COYOTE         *050603*0135*U*00400*017000063*0*P*:
GS*RA*5198375355*COYOTE*20050603*0135*17000063*X*004030
ST*820*017000087
BPR*H*5851.19*C*NON************20050602
NTE*PMT*5468.40
NTE*ZZZ*0.00
CUR*ZD*CAD
REF*GT*865500938
REF*ZZ*1090134601
REF*1J*005002
REF*BM*000196184
DTM*050*20050531
N1*PE*COYOTE SHIRTS INC (F)
N3*2005 23E AVE
N4*LACHINE*PQ*H8T1X1
REF*PQ*578831
REF*IA*578856
REF*GT*101184224
REF*ZZ*1000694149
ENT*786
REF*ZZ*ON
RMR*PO*00583652*ER*5468.4
REF*DP*19
IT1**13*EA*19.2**SK*56062090*******RA*04
SAC*N*ZZZZ*******EA*14
IT1**12*EA*19.2**SK*56062130*******RA*04
SAC*N*ZZZZ*******EA*15
IT1**6*EA*22**SK*56065050*******RA*04
SAC*N*ZZZZ*******EA*8
IT1**11*EA*22**SK*56065130*******RA*04
SAC*N*ZZZZ*******EA*15
SE*30*017000087
GE*1*17000063
IEA*1*017000063
