ISA*00*          *00*          *01*111111111      *ZZ*222222222222   *040804*2259*U*00401*000001816*0*P*>GS*FA*111111111*222222222222*20040804*2259*3407*X*004010VICSST*997*000004421AK1*PR*10001AK2*855*1294AK5*AAK9*A*1*1*1SE*6*000004421GE*1*3407IEA*1*000001816
ISA*00*          *00*          *12*1111111111     *ZZ*2222222        *050531*2110*U*00400*001000113*0*P*:
GS*PO*1111111122*2222222*20050531*2110*1000034*X*004030
ST*850*001000058
BEG*00*SA*587852**20050601
CUR*BY*CAD
REF*IA*578856
REF*YD*SCMS
REF*MR*SMARTNON
REF*DP*19
ITD*05*2*****90
DTM*010*20050608
N1*ST*RRRRRRRRRRRRRRRRRRRRRRR*92*CCCCCCC
N3*10 BBBBBBBBBBBBBB*WWWWWWWWWWWWWWWWWWWWWWWWWWW
N1*MA*WWWWWWWWWWWWWWWWWWWWWWW*99*C000000
N3*9999 BBBBBBBBBBBB*BBBBBBBBBBBBBBBBBBBBBBBBBBB
PO1*1*6*EA*22**SK*56065050*VC*5323-1151
PO1*2*6*EA*22**SK*56065150*VC*5323-1151
CTT*2
SE*17*001000058
GE*1*1000034
IEA*1*001000113
ISA*00*          *00*          *12*1111111111     *12*2222222222     *050601*0136*U*00400*017000934*0*P*:
GS*RA*1111111111*2222222222*20050601*0136*17000934*X*004030
ST*820*017001511
BPR*H*561.72*C*NON************20050531
NTE*PMT*541.20
NTE*ZZZ*0.00
CUR*ZD*CAD
REF*GT*865500938
REF*ZZ*1090134601
REF*1J*005002
REF*BM*000194182
DTM*050*20050531
N1*PE*QQQQQQQQQQQQQQQQQQQ.
N3*222222222222
N4*QQQQQQQ*QQ*QQQQQQ
REF*PQ*036400
REF*IA*036400
REF*GT*103240701
REF*ZZ*1002612772
ENT*146
ADX*17.37*90
ADX*0*L2
ADX*-37.89*55
ADX*0*ZZ
ADX*0*L7
REF*ZZ*ON
RMR*PO*00583236*ER*541.2
REF*DP*07
SE*27*017001511
ST*820*017001512
BPR*H*236.33*C*NON************20050531
NTE*PMT*227.70
NTE*ZZZ*0.00
CUR*ZD*CAD
REF*GT*865500938
REF*ZZ*1090134601
REF*1J*005401
REF*BM*000195183
DTM*050*20050531
N1*PE*QUADRA FASHIONS LTD.
N3*2005 23E AVE
N4*LACHINE*PQ*H8T1X1
REF*PQ*036400
REF*IA*036400
REF*GT*103240701
REF*ZZ*1002612772
ENT*147
ADX*7.31*90
ADX*0*L2
ADX*-15.94*55
ADX*0*ZZ
ADX*0*L7
REF*ZZ*SK
RMR*PO*00583247*ER*227.7
REF*DP*07
SE*27*017001512
GE*2*17000934
IEA*1*017000934
ISA*00*          *00*          *08*AAAAAAAAAA     *ZZ*test22222      *971107*1220*U*00302*112240001*1*P*@
GS*PO*test111111*test22222*971107*1220*123456789*X*004010
ST*850*4567
BEG*00*SA*91393058**19971107
REF*DP*845
REF*IA*047431
CSH*P4
DTM*010*19980210
DTM*001*19980301
TD5*****ALL WEIGHTS PEPS-RIDGF
N1*SF**92*222
N1*BY**92*33333
N1*ST**92*333333
N3*AAAAAAAAAAA*AAAAAAAAAAAAAAAAAAA
N4*GUAYNABO*PR*00928
PO1**6*EA*12**CB*17920108*VA*12307
PID*F*08***KAK S/S PRINT CAMP
PID*F*75***OR/BK
PO1**6*EA*12**CB*17920207*VA*12307
PID*F*08***KAK S/S PRINT CAMP
PID*F*75***OL/BK
PO1**6*EA*12**CB*17930107*VA*12308
PID*F*08***KAK PRINT SKIRT
PID*F*75***OR/BK
PO1**6*EA*12**CB*17930206*VA*12308
PID*F*08***KAK PRINT SKIRT
PID*F*75***OL/BK
PO1**6*EA*12**CB*17940106*VA*12306
PID*F*08***KAK S/S V-NK JKT TRM
PID*F*75***OR/BK
PO1**6*EA*12**CB*17940205*VA*12306
PID*F*08***KAK S/S V-NK JKT TRM
PID*F*75***OL/BK
PO1**6*EA*12**CB*17950105*VA*12309
PID*F*08***KAK PRINT PANT
PID*F*75***BKML1
PO1**6*EA*12**CB*17950204*VA*12309
PID*F*08***KAK PRINT PANT
PID*F*75***BKML2
CTT*8
SE*39*4567
GE*1*123456789
IEA*1*112240001
ISA*00*          *00*          *01*0011223456     *01*999999999      *950120*0147*U*00300*000000005*0*P*+~
GS*PO*0011223456*999999999*950120*0147*5*X*004010~
ST*850*000000001~
BEG*00*SA*95018017**20070929*950118~
N1*SE*UNIVERSAL WIDGETS~
N3*375 PLYMOUTH PARK*SUITE 205~
N4*IRVING*TX*75061~
N1*ST*JIT MANUFACTURING~
N3*BUILDING 3B*2001 ENTERPRISE PARK~
N4*JUAREZ*CH**MEX~
N1*AK*JIT MANUFACTURING~
N3*400 INDUSTRIAL PARKWAY~
N4*INDUSTRIAL AIRPORT*KS*66030~
N1*BT*JIT MANUFACTURING~
N2*ACCOUNTS  PAYABLE DEPARTMENT~
N3*400 INDUSTRIAL PARKWAY~
N4*INDUSTRIAL AIRPORT*KS*66030~
PO1*001*4*EA*330*TE*IN*525*VN*X357-W2~
PID*F****HIGH PERFORMANCE WIDGET~
SCH*4*EA***002*20071001*0322~
CTT*1*1~
SE*20*000000001~
ST*850*000000001~
BEG*00*SA*95018017**20070929*950118~
N1*SE*UNIVERSAL WIDGETS~
N3*375 PLYMOUTH PARK*SUITE 205~
N4*IRVING*TX*75061~
N1*ST*JIT MANUFACTURING~
N3*BUILDING 3B*2001 ENTERPRISE PARK~
N4*JUAREZ*CH**MEX~
N1*AK*JIT MANUFACTURING~
N3*400 INDUSTRIAL PARKWAY~
N4*INDUSTRIAL AIRPORT*KS*66030~
N1*BT*JIT MANUFACTURING~
N2*ACCOUNTS  PAYABLE DEPARTMENT~
N3*400 INDUSTRIAL PARKWAY~
N4*INDUSTRIAL AIRPORT*KS*66030~
PO1*001*4*EA*330*TE*IN*525*VN*X357-W2~
PID*F****HIGH PERFORMANCE WIDGET~
SCH*4*EA***002*20071001*0322~
CTT*1*1~
SE*20*000000001~
GE*2*5~
GS*PO*0011223456*999999999*950120*0147*5*X*004010~
ST*850*000000001~
BEG*00*SA*95018017**20070929*950118~
N1*SE*UNIVERSAL WIDGETS~
N3*375 PLYMOUTH PARK*SUITE 205~
N4*IRVING*TX*75061~
N1*ST*JIT MANUFACTURING~
N3*BUILDING 3B*2001 ENTERPRISE PARK~
N4*JUAREZ*CH**MEX~
N1*AK*JIT MANUFACTURING~
N3*400 INDUSTRIAL PARKWAY~
N4*INDUSTRIAL AIRPORT*KS*66030~
N1*BT*JIT MANUFACTURING~
N2*ACCOUNTS  PAYABLE DEPARTMENT~
N3*400 INDUSTRIAL PARKWAY~
N4*INDUSTRIAL AIRPORT*KS*66030~
PO1*001*4*EA*330*TE*IN*525*VN*X357-W2~
PID*F****HIGH PERFORMANCE WIDGET~
SCH*4*EA***002*20071001*0322~
CTT*1*1~
SE*20*000000001~
ST*850*000000001~
BEG*00*SA*95018017**20070929*950118~
N1*SE*UNIVERSAL WIDGETS~
N3*375 PLYMOUTH PARK*SUITE 205~
N4*IRVING*TX*75061~
N1*ST*JIT MANUFACTURING~
N3*BUILDING 3B*2001 ENTERPRISE PARK~
N4*JUAREZ*CH**MEX~
N1*AK*JIT MANUFACTURING~
N3*400 INDUSTRIAL PARKWAY~
N4*INDUSTRIAL AIRPORT*KS*66030~
N1*BT*JIT MANUFACTURING~
N2*ACCOUNTS  PAYABLE DEPARTMENT~
N3*400 INDUSTRIAL PARKWAY~
N4*INDUSTRIAL AIRPORT*KS*66030~
PO1*001*4*EA*330*TE*IN*525*VN*X357-W2~
PID*F****HIGH PERFORMANCE WIDGET~
SCH*4*EA***002*20071001*0322~
CTT*1*1~
SE*20*000000001~
GE*2*5~
IEA*2*000000005~
ISA*00*          *00*          *ZZ*SSSSSSSS       *ZZ*QQQQQQ         *061204*1439*U*00401*000001000*0*P*}
GS*PO*SPSLAMPS*RENWIL*20061204*1439*1000*X*004010
ST*850*10000001
BEG*00*DS*3768856**20061204
REF*19*02
REF*IA*001775
REF*2P*9003
REF*CO*639BART1222006200034
PER*BD*SSSSSSSSSSSSSSSSS*TE*0000000000000*FX*0000000000000*EM*WWWWWWWW@WWWWWWWWW.COM
FOB*DF*AC*PPD+ADD LP STORE
SAC*N**ZZ*OHRO
ITD*01*15**********Net 60 From Receipt of Goods
DTM*010*20061205
DTM*002*20061205
DTM*001*20070103
TD5**2*UPSN**UPS GROUND*******CG
N9*L1**BUYER MESSAGE
MSG*PH# 9036631352
MSG*639BART1222006200034
N1*VN*WWWWWWWWWWW.
N3*9181 WWWWWWWWWWWWWWWWW
N4*WWWWWWW*PQ*H8RZE8*CAN
N1*ST*SSSSSSSSSSSSSS
N3*6755 SSSSS RD
N4*LONGVIEW*TX*75605*USA
PER*CN*GENIE BARTLETT*TE*9036631352
N1*BT*SSSSSSSSSS*92*0252
N3*20250 SSSSSSS
N4*SSSSSSSSSS*SS*91311*USA
PO1*1*1*EA*125*UM*SK*46234***VN*MT644*****CB*751775MT64426
PID*F****29X39" SILVER BEVELED GLASS OVAL MIRROR
CTT*1
SE*31*10000001
ST*850*10000002
BEG*00*DS*3769108**20061204
REF*19*02
REF*IA*001775
REF*2P*9004
REF*CO*415HALL11302006124330
PER*BD*PATRICIA INTERNET*TE*(818)428-4353*FX*(818)428-4424*EM*PKHAMSSE@LAMPSPLUS.COM
FOB*DF*AC*PPD+ADD LP STORE
SAC*N**ZZ*OHRO
ITD*01*15**********Net 60 From Receipt of Goods
DTM*010*20061205
DTM*002*20061205
DTM*001*20070103
TD5**2*UPSN**UPS GROUND*******CG
N9*L1**BUYER MESSAGE
MSG*PH# 9253710655
MSG*415HALL11302006124330
N1*VN*REN-WIL INC.
N3*9181 RUE BOLVIN STREET
N4*LASALLE*PQ*H8RZE8*CAN
N1*ST*KATHLEEN HALL
N3*488 LINDBERGH AVE*ALL PHASE BUILDERS
N4*LIVERMORE*CA*94551*USA
PER*CN*KATHLEEN HALL*TE*9253710655
N1*BT*LAMPS PLUS*92*0253
N3*20250 PLUMMER
N4*CHATSWORTH*CA*91311*USA
PO1*1*2*EA*85.5*UM*SK*64832***VN*MIR020*****CB*751775MIR0220
PID*F****26X30" OVAL CLASSIC MIRROR
CTT*1
SE*31*10000002
GE*2*1000
IEA*1*000001000
ISA*00*          *00*          *01*111111111      *01*Duns           *050718*1700*U*00403*000000010*1*P*>~ GS*PO*092173731*Suppliers Duns*20050718*1700*8*X*004010~ ST*850*0007~ BEG*00*SA*801104*001*20050718~ CUR*ZZ*USD~ REF*ZZ*Information Here~ FOB*BP*OR~ ITD*05*5~ TD5****M*53FT X 102 TRAILER~ TD3*AA~ N1*ST*THERMA TRU INDIANA DOOR~ N3*108 MUTZFELD ROAD~ N4*BUTLER*IN*46721*USA~ N1*BT*THERMA TRU INDIANA DOOR~ N3*108 MUTZFELD ROAD~ N4*BUTLER*IN*46721*USA~ PER*BD*Buyer Name~ N1*VN*Supplier Name~ PO1*0001*8*CR*0**BP*MPDGART~ PID*F****LOCK HARDWARE 8/0 LOCK GEAR TONGUE~ DTM*002*20050803~ PO1*0002*1*CR*0**BP*MPDGSBOS~ PID*F****LOCK HARDWARE 6/6 LOCK GEAR SHOOT BOLT OUTSWING~ DTM*002*20050803~ PO1*0003*80*EA*0**BP*MPTS112374-1C~ PID*F****HANDLESET ACTIVE HEIRLOOM BRUSHED NICKEL~ DTM*002*20050811~ CTT*3~ SE*27*0007~ ST*850*0001~ BEG*00*NE*PONUM-1234567**19980131**AE~ CSH*B~ DTM*037*19980205***19~ SI*BI*CR*BI~ N1*ST**15*6678157~ N1*BT**15*1135309~ REF*PD*PROMO-987~ PO1*1*12*UN*29*SR*IB*0835209881~ CTP******DIS*.57~ PO1*2*23*UN*29.5*SR*IB*0835210022~ CTP******DIS*.57~ PO1*3*32*UN*26*SR*IB*0835210456~ CTP******DIS*.57~ PO1*4*34*UN*24*SR*IB*0835210979~ CTP******DIS*.57~ PO1*5*20*UN*6.99*SR*IB*0835211614~ CTP******DIS*.57~ PO1*6*40*UN*5.5*SR*IB*0835212653~ CTP******DIS*.57~ PO1*7*34*UN*6.99*SR*IB*0835209784~ CTP******DIS*.57~ PO1*8*18*UN*8.95*SR*IB*0835213153~ CTP******DIS*.57~ CTT*8*213~ SE*26*0001~ GE*2*8~ IEA*1*000000010~ISA*00*          *00*          *12*1234567890     *08*1234567890     *070831*1919*U*00401*000000183*0*P*>~GS*PO*1234567890*1234567890*20070831*1919*183*X*004010~ST*850*0278~BEG*00*NE*12345678**20070831~N1*BS**11*ABC123451~PO1**1*CA*23.52**UP*123456789012~PO1**2*CA*26.28**UP*234567890123~PO1**1*CA*23.52**N4*34567890123~PO1**1*CA*26.28**UP*456789012345~CTT*4~SE*9*0278~GE*1*183~IEA*1*000000183~